@misc{arch,
    title = {MTP},
    author = "{Arch Linux}",
    howpublished = {\url{https://wiki.archlinux.org/index.php/MTP}}
} 
